@book{MU2010:1,
    author = "Jorge D. Muchnik",
    title = "SSL 1, Desde sus Usuarios.",
    year = "2010"
}

@book{MU2010:2,
    author = "Jorge D. Muchnik",
    title = "SSL 2, Desde el Compilador.",
    year = "2010"
}

@book{MU2010:3,
    author = "Jorge D. Muchnik",
    title = "SSL 3, Algoritmos.",
    year = "2010"
}

@book{ISO/IEC-9899:2017,
    author = "Brian W. Kernighan, Dennis M. Ritchie",
    title = "The C Programming Language",
    address = "Upper Saddle River, NJ 07458",
    year = "1988",
    publisher = "Prentice Hall P T R"
}
